@article{pironio2010random,
  title={Random numbers certified by Bellâ€™s theorem},
  author={Pironio, Stefano and Ac{\'\i}n, Antonio and Massar, Serge and de La Giroday, A Boyer and Matsukevich, Dzmitry N and Maunz, Peter and Olmschenk, Steven and Hayes, David and Luo, Le and Manning, T Andrew and others},
  journal={Nature},
  volume={464},
  number={7291},
  pages={1021},
  year={2010},
  publisher={Nature Publishing Group}
}